@book{strangintroduction,
  title={{Introduction to Linear Algebra}},
  author={Strang, Gilbert},
  publisher={Wellesley-Cambridge Press, Massachusetts},
  year={2013}
}

@book{hoffmanlinear,
  title={{Linear Algebra}},
  author={Hoffman, Kenneth and Kunze, Ray},
  publisher={Prentice Hall},
  address={Englewood Cliffs, New Jersey},
  year={1971}
}

@book{bhatia1997matrix,
  title={{Matrix Analysis}},
  author={Bhatia, Rajendra},
  series={Graduate Text in Mathematics},
  publisher={Springer-Verlag},
  address={New York},
  year={1997}
}

